@article{whatmightcognitionbeif,
  title={What might cognition be, if not computation?},
  author={Van Gelder, Tim},
  journal={The Journal of Philosophy},
  pages={345--381},
  year={1995},
  volume={92},
  number={7},
  publisher={JSTOR}
}

@article{thedynamicsofactivecaterogicalperception,
  title={The dynamics of active categorical perception in an evolved model agent},
  author={Beer, Randall D},
  journal={Adaptive Behavior},
  year={2003},
  volume={11},
  number={4},
  pages={209--243},
  publisher={Sage Publications}
}

@article{characterizingdriverintentionvi,
  title={Characterizing Driver Intention via Hierarchical Perception--Action Modeling},
  author={Windridge, David and Shaukat, Affan and Hollnagel, Erik},
  journal={IEEE Transactions on Human-Machine Systems},
  volume={43},
  number={1},
  pages={17--31},
  year={2013},
  publisher={IEEE}
}

@article{aframeworkforhierarchicalperceptionaction,
  title={A Framework for Hierarchical Perception--Action Learning Utilizing Fuzzy Reasoning},
  author={Windridge, David and Felsberg, Michael and Shaukat, Affan},
  journal={IEEE Transactions on Cybernetics},
  volume={43},
  number={1},
  pages={155--169},
  year={2013},
  publisher={IEEE}
}

@article{hierarchicalbootstrapping,
  title={A linear-complexity reparameterisation strategy for the hierarchical bootstrapping of capabilities within perceptionâ€“action architectures},
  author={Shevchenko, Mikhail and Windridge, David and Kittler, Joseph },
  journal={Image and Vision Computing},
  volume={27},
  number={11},
  pages={1702--1714},
  year={2009},
  publisher={Elsevier}
}

@article{layeredmobilerobot,
  title={A robust layered control system for a mobile robot},
  author={Brooks, Rodney A},
  journal={IEEE Journal of Robotics and Automation},
  volume={2},
  number={1},
  pages={14--23},
  year={1986},
  publisher={IEEE}
}

@inproceedings{multiparadigmdeclarative,
  title={Multi-paradigm Declarative Languages},
  author={Hanus, Michael},
  booktitle={Proceedings of the International Conference on Logic Programming (ICLP 2007)},
  year={2007}
}

@book{clark1980prolog,
  title={PROLOG: a language for implementing expert systems},
  author={Clark, Keith L and McCabe, Frank G},
  year={1980},
  publisher={Imperial College of Science and Technology Department of Computing}
}

@article{harnad1990symbolgrounding,
  title={The symbol grounding problem},
  author={Harnad, Stevan},
  journal={Physica D: Nonlinear Phenomena},
  volume={42},
  number={1},
  pages={335--346},
  year={1990},
  publisher={Elsevier}
}

@article{sun2001implicit,
  title={From implicit skills to explicit knowledge: A bottom-up model of skill learning},
  author={Sun, Ron and Merrill, Edward and Peterson, Todd},
  journal={Cognitive Science},
  volume={25},
  number={2},
  pages={203--244},
  year={2001},
  publisher={Elsevier}
}

@article{artificialcodriver,
  title={Artificial Co-Driver as a universal enabling technology for future intelligent vehicles and transportation systems},
  author={Da Lio, Mauro and Biral, Francesco and Bertolazzi, Enrico and Galvani, Marco and Bosetti, Paolo and Windridge, David and Saroldi, Andrea and Tango, Fabio},
  journal={Transaction on Intelligent Transportation Systems},
  year={To Be Published},
  publisher={IEEE}
}

@phdthesis{cmgbortphd,
    author    = {Bort, CMG},
    title     = {On Application of Optimal Control to Intelligent Manufacturing},
    school    = {University of Trento},
    year      = {2013}
}

@article{ARTVAobbligationLaw,
  author = {Repubblica Italiana},
  title = {Legge 24/12/2003 n. 363},
  journal = {Gazzetta Ufficiale},
  year = {2003}
}

@book{ManualeSciAlpinismo,
  author = {Aa. Vv.},
  title = {Club Alpino Italiano - Manuale Sci Alpinismo},
  publisher = {Commissione Pubblicazioni CAI},
  year = {2004}
}

@techreport{NormativaARVA,
  author = {ETSI EN 300 718--(1 2 3 4)},
  title = {E.R.M. Avalanche Beacons - Transmitter-Receiver systems},
  institution = {ETSI},
  year = {2001}
}

@book{mencuccini1988fisica,
  title={Fisica II (elettromagnetismo, ottica)},
  author={Mencuccini, Corrado and Silvestrini, Vittorio},
  publisher={Liguori Ed},
  year={1988}
}

@book{oliner2007antenna,
  title={Antenna Engineering Handbook},
  author={Oliner, Arthur A and Jackson, David R and Volakis, JL},
  publisher={McGraw Hill},
  year={2007}
}

@book{balanis2012antenna,
  title={Antenna theory: analysis and design},
  author={Balanis, Constantine A},
  year={2012},
  publisher={John Wiley and Sons}
}

@article{laurent1962ferrite,
  title={Ferrite antennas for AM broadcast receivers},
  author={Laurent, HJ and Carvalho, Carlos AB},
  journal={IRE Transactions on Broadcast and Television Receivers},
  year={1962},
  publisher={IEEE}
}

@inproceedings{Salos2007,
  title={Digital Signal Processing in Triple Antenna ARVAs},
  author={Sal\"{o}s, CD and Lera, FM and Villarroel, JL},
  booktitle={IEEE International Conference on Signal Processing and Communications},
  pages={484--487},
  year={2007},
  organization={IEEE}
}

@article{Brugger2007,
  title={The impact of avalanche rescue devices on survival},
  author={Brugger, Hermann and Etter, Hans J\"{u}rg and Zweifel, Benjamin and Mair, Peter and Hohlrieder, Matthias and Ellerton, John and Elsensohn, Fidel and Boyd, Jeff and Sumann, G\"{u}nther and Falk, Markus},
  journal={Resuscitation Journal},
  volume={75},
  number={3},
  pages={476--483},
  year={2007},
  publisher={Elsevier}
}

@book{hutchinson2000arrl,
  title={The ARRL handbook for radio amateurs},
  author={Hutchinson, Chuck and others},
  year={2000},
  publisher={American Radio Relay League}
}

@inproceedings{pinies2006fast,
  title={Fast localization of avalanche victims using sum of gaussians},
  author={Pini{\'e}s, Pedro and Tard{\'o}s, Juan D},
  booktitle={Proceedings of IEEE International Conference on Robotics and Automation},
  pages={3989--3994},
  year={2006},
  organization={IEEE}
}

@inproceedings{pinies2006localization,
  title={Localization of avalanche victims using robocentric SLAM},
  author={Pini{\'e}s, Pedro and Tard{\'o}s, Juan D and Neira, Jos{\'e}},
  booktitle={IEEE/RSJ International Conference on Intelligent Robots and Systems},
  pages={3074--3079},
  year={2006},
  organization={IEEE}
}

@masterthesis{projectAlcedoZurigo,
  author = {Manuel Grauwiler,Luc Oth},
  title = {Fully Autonomous Search for Avalanche Victims Using an MAV},
  school = {Eidgen\"{o}ssische Technische Hochschule Z\"{u}rich},
  year = {2010}
}

@book{akao1994development,
  title={QFD: The customer-driven approach to quality planning and deployment},
  author={Akao Yoji, Mizuno Shigeru},
  publisher={Asian Productivity Organization, Tokio, J},
  year={1994}
}

% BACKCOUNTRY ACCESS
@article{457andfuture,
  title={457 kHz Electromagnetism and the future of the Avalanche Transceiver},
  author={Hereford, John and Edgerly, Bruce},
  journal={BackCountry Access},
  note={From \url{https://s3.amazonaws.com/BackcountryAccess/content/papers/457andFuture_000.pdf}}
}

@article{hereforddigital,
  title={Digital Transceiving Systems: the New Generation of Avalanche Beacons},
  author={Hereford, John and Edgerly, Bruce},
  journal={BackCountry Access},
  note={From \url{https://s3.amazonaws.com/BackcountryAccess/content/papers/DigitalSys_NextGeneration.pdf}}
}

@article{hereford2000457,
  title={457 khz electromagnetism and the future of avalanche transceivers},
  author={Hereford, John and Edgerly, Bruce},
  journal={BackCountry Access},
  note={From \url{https://s3.amazonaws.com/BackcountryAccess/content/papers/457andFuture_000.pdf}}
}

@article{signaloverlappingARVA1,
  title={Signal Strength Versus Signal Timing: Achieving Reliability in Multiple Burial Searches},
  author={Lund, Thomas},
  journal={BackCountry Access},
  note={From \url{https://s3.amazonaws.com/BackcountryAccess/content/papers/SignalOverlapPaper_001.pdf}}
}

@article{signaloverlappingARVA2,
  title={Having Problems in Multiple Burial Searches? Signal Overlap Explained},
  author={Christie, Steve},
  journal={BackCountry Access},
  note={From \url{http://www.backcountryaccess.com/wp-content/uploads/2014/02/Signal_Overlap.pdf}}
}

